{
  "leader": "03042cam a2200493 i 4500",
  "fields": [
    {
      "001": "ocm00803791\\"
    },
    {
      "003": "OCoLC"
    },
    {
      "005": "20221222142742.0"
    },
    {
      "008": "740117s1974\\\\\\\\nyuc\\\\\\\\\\b\\\\\\\\101\\0ceng\\\\"
    },
    {
      "010": {
        "ind1": "\\",
        "ind2": "\\",
        "subfields": [
          {
            "a": "   74000951 "
          }
        ]
      }
    },
    {
      "040": {
        "ind1": "\\",
        "ind2": "\\",
        "subfields": [
          {
            "a": "DLC"
          },
          {
            "b": "eng"
          },
          {
            "c": "DLC"
          },
          {
            "d": "OCL"
          },
          {
            "d": "BUF"
          },
          {
            "d": "BTCTA"
          },
          {
            "d": "OCLCG"
          },
          {
            "d": "HLS"
          },
          {
            "d": "ZVM"
          },
          {
            "d": "OCLCO"
          },
          {
            "d": "OCLCF"
          },
          {
            "d": "OCLCQ"
          },
          {
            "d": "OCLCO"
          },
          {
            "d": "OCL"
          },
          {
            "d": "CNUTO"
          },
          {
            "d": "J9U"
          },
          {
            "d": "YT6"
          },
          {
            "d": "UMK"
          },
          {
            "d": "OCL"
          },
          {
            "d": "OCLCO"
          },
          {
            "d": "OCLCA"
          },
          {
            "d": "OCLCQ"
          },
          {
            "d": "OCLCO"
          }
        ]
      }
    },
    {
      "019": {
        "ind1": "\\",
        "ind2": "\\",
        "subfields": [
          {
            "a": "976764047"
          }
        ]
      }
    },
    {
      "020": {
        "ind1": "\\",
        "ind2": "\\",
        "subfields": [
          {
            "a": "0912882077"
          }
        ]
      }
    },
    {
      "020": {
        "ind1": "\\",
        "ind2": "\\",
        "subfields": [
          {
            "a": "9780912882079"
          }
        ]
      }
    },
    {
      "035": {
        "ind1": "\\",
        "ind2": "\\",
        "subfields": [
          {
            "a": "(OCoLC)803791"
          },
          {
            "z": "(OCoLC)976764047"
          }
        ]
      }
    },
    {
      "043": {
        "ind1": "\\",
        "ind2": "\\",
        "subfields": [
          {
            "a": "n-us---"
          },
          {
            "a": "n-us-ny"
          }
        ]
      }
    },
    {
      "050": {
        "ind1": "\\",
        "ind2": "4",
        "subfields": [
          {
            "a": "E176.1"
          },
          {
            "b": ".S59 1974"
          }
        ]
      }
    },
    {
      "082": {
        "ind1": "0",
        "ind2": "4",
        "subfields": [
          {
            "a": "973.0992"
          },
          {
            "b": "SIX"
          }
        ]
      }
    },
    {
      "245": {
        "ind1": "0",
        "ind2": "0",
        "subfields": [
          {
            "a": "Six Presidents from the Empire State /"
          },
          {
            "c": "edited by Harry J. Sievers."
          }
        ]
      }
    },
    {
      "260": {
        "ind1": "\\",
        "ind2": "\\",
        "subfields": [
          {
            "a": "Tarrytown, N.Y. :"
          },
          {
            "b": "Sleepy Hollow Restorations,"
          },
          {
            "c": "[1974]"
          }
        ]
      }
    },
    {
      "300": {
        "ind1": "\\",
        "ind2": "\\",
        "subfields": [
          {
            "a": "x, 208 pages :"
          },
          {
            "b": "portraits ;"
          },
          {
            "c": "24 cm"
          }
        ]
      }
    },
    {
      "336": {
        "ind1": "\\",
        "ind2": "\\",
        "subfields": [
          {
            "a": "text"
          },
          {
            "b": "txt"
          },
          {
            "2": "rdacontent"
          }
        ]
      }
    },
    {
      "337": {
        "ind1": "\\",
        "ind2": "\\",
        "subfields": [
          {
            "a": "unmediated"
          },
          {
            "b": "n"
          },
          {
            "2": "rdamedia"
          }
        ]
      }
    },
    {
      "338": {
        "ind1": "\\",
        "ind2": "\\",
        "subfields": [
          {
            "a": "volume"
          },
          {
            "b": "nc"
          },
          {
            "2": "rdacarrier"
          }
        ]
      }
    },
    {
      "504": {
        "ind1": "\\",
        "ind2": "\\",
        "subfields": [
          {
            "a": "Includes bibliographical references (pages 189-192)."
          }
        ]
      }
    },
    {
      "505": {
        "ind1": "0",
        "ind2": "0",
        "subfields": [
          {
            "t": "The presidency in war and peace /"
          },
          {
            "r": "Louis W. Koenig --"
          },
          {
            "t": "The modest role of Martin Van Buren /"
          },
          {
            "r": "Edward Pessen --"
          },
          {
            "t": "Van Buren and the uses of politics /"
          },
          {
            "r": "Richard P. McCormick --"
          },
          {
            "t": "Millard Fillmore: the politics of compromise /"
          },
          {
            "r": "Robert J. Rayback --"
          },
          {
            "t": "Could Fillmore have saved the union? /"
          },
          {
            "r": "Charles M. Snyder --"
          },
          {
            "t": "Chester Alan Arthur: \"better than anyone expected\" /"
          },
          {
            "r": "Thomas C. Reeves --"
          },
          {
            "t": "Chester Alan Arthur reconsidered /"
          },
          {
            "r": "Kenneth E. Davison --"
          },
          {
            "t": "Grover Cleveland: revitalization of the presidency /"
          },
          {
            "r": "Vincent P. De Santis --"
          },
          {
            "t": "The vindication of an idol /"
          },
          {
            "r": "Mark D. Hirsch --"
          },
          {
            "t": "A biographer looks back on Theodore Roosevelt /"
          },
          {
            "r": "William H. Harbaugh --"
          },
          {
            "t": "Honest and integrity, but too much caution /"
          },
          {
            "r": "Horace Samuel Merrill --"
          },
          {
            "t": "President forever?: Roosevelt and the two-term tradition /"
          },
          {
            "r": "Charles T. Morrissey --"
          },
          {
            "t": "The impact of Franklin D. Roosevelt's four terms /"
          },
          {
            "r": "Donald R. McCoy --"
          },
          {
            "g": "Appendix:"
          },
          {
            "t": "The Schlesinger polls on presidential greatness."
          }
        ]
      }
    },
    {
      "520": {
        "ind1": "\\",
        "ind2": "\\",
        "subfields": [
          {
            "a": "Essays discuss the six Presidents from New York State: Martin Van Buren, Millard Fillmore, Chester Alan Arthur, Grover Cleveland, Theodore Roosevelt, and Franklin Delano Roosevelt."
          }
        ]
      }
    },
    {
      "583": {
        "ind1": "\\",
        "ind2": "\\",
        "subfields": [
          {
            "a": "commitment to retain"
          },
          {
            "c": "20151204"
          },
          {
            "2": "pda"
          },
          {
            "5": "OTUTLD"
          }
        ]
      }
    },
    {
      "650": {
        "ind1": "\\",
        "ind2": "0",
        "subfields": [
          {
            "a": "Presidents"
          },
          {
            "z": "United States"
          },
          {
            "v": "Biography."
          }
        ]
      }
    },
    {
      "651": {
        "ind1": "\\",
        "ind2": "0",
        "subfields": [
          {
            "a": "United States"
          },
          {
            "x": "Politics and government"
          },
          {
            "y": "19th century."
          }
        ]
      }
    },
    {
      "651": {
        "ind1": "\\",
        "ind2": "0",
        "subfields": [
          {
            "a": "United States"
          },
          {
            "x": "Politics and government"
          },
          {
            "y": "1901-1953."
          }
        ]
      }
    },
    {
      "650": {
        "ind1": "\\",
        "ind2": "7",
        "subfields": [
          {
            "a": "Politics and government"
          },
          {
            "2": "fast"
          },
          {
            "0": "(OCoLC)fst01919741"
          }
        ]
      }
    },
    {
      "650": {
        "ind1": "\\",
        "ind2": "7",
        "subfields": [
          {
            "a": "Presidents."
          },
          {
            "2": "fast"
          },
          {
            "0": "(OCoLC)fst01075723"
          }
        ]
      }
    },
    {
      "651": {
        "ind1": "\\",
        "ind2": "7",
        "subfields": [
          {
            "a": "United States."
          },
          {
            "2": "fast"
          },
          {
            "0": "(OCoLC)fst01204155"
          }
        ]
      }
    },
    {
      "648": {
        "ind1": "\\",
        "ind2": "7",
        "subfields": [
          {
            "a": "1800-1953"
          },
          {
            "2": "fast"
          }
        ]
      }
    },
    {
      "655": {
        "ind1": "\\",
        "ind2": "2",
        "subfields": [
          {
            "a": "Biography"
          }
        ]
      }
    },
    {
      "655": {
        "ind1": "\\",
        "ind2": "7",
        "subfields": [
          {
            "a": "Biographies."
          },
          {
            "2": "fast"
          },
          {
            "0": "(OCoLC)fst01919896"
          }
        ]
      }
    },
    {
      "655": {
        "ind1": "\\",
        "ind2": "7",
        "subfields": [
          {
            "a": "Biographies."
          },
          {
            "2": "lcgft"
          }
        ]
      }
    },
    {
      "700": {
        "ind1": "1",
        "ind2": "\\",
        "subfields": [
          {
            "a": "Sievers, Harry Joseph,"
          },
          {
            "d": "1920-"
          },
          {
            "e": "editor."
          }
        ]
      }
    },
    {
      "710": {
        "ind1": "2",
        "ind2": "\\",
        "subfields": [
          {
            "a": "Sleepy Hollow Restorations (Organization)"
          }
        ]
      }
    },
    {
      "776": {
        "ind1": "0",
        "ind2": "8",
        "subfields": [
          {
            "i": "Online version:"
          },
          {
            "t": "Six Presidents from the Empire State."
          },
          {
            "d": "Tarrytown, N.Y., Sleepy Hollow Restorations [1974]"
          },
          {
            "w": "(OCoLC)557829190"
          }
        ]
      }
    },
    {
      "994": {
        "ind1": "\\",
        "ind2": "\\",
        "subfields": [
          {
            "a": "Z0"
          },
          {
            "b": "NYRVC"
          }
        ]
      }
    },
    {
      "948": {
        "ind1": "\\",
        "ind2": "\\",
        "subfields": [
          {
            "h": "NO HOLDINGS IN NYRVC - 467 OTHER HOLDINGS"
          }
        ]
      }
    },
    {
      "999": {
        "ind1": "\\",
        "ind2": "\\",
        "subfields": [
          {
            "a": "00000000018084"
          }
        ]
      }
    }
  ]
}